[gd_scene load_steps=20 format=3 uid="uid://ikiqohjvlqni"]

[ext_resource type="Script" path="res://Assets/Weapons/Handgun/Flash.gd" id="1_ob70b"]
[ext_resource type="Texture2D" uid="uid://pnh872qjk0oy" path="res://Assets/Effects/Flame.png" id="2_1simy"]

[sub_resource type="Animation" id="1"]
length = 3.0
step = 0.025
tracks/0/type = "value"
tracks/0/imported = false
tracks/0/enabled = true
tracks/0/path = NodePath("OmniLight3D:light_color")
tracks/0/interp = 1
tracks/0/loop_wrap = true
tracks/0/keys = {
"times": PackedFloat32Array(0, 0.025, 0.05, 0.1),
"transitions": PackedFloat32Array(1, 1, 1, 1),
"update": 0,
"values": [Color(1, 1, 1, 1), Color(1, 0.933333, 0.380392, 1), Color(1, 0.637428, 0.415262, 1), Color(0, 0, 0, 1)]
}
tracks/1/type = "value"
tracks/1/imported = false
tracks/1/enabled = true
tracks/1/path = NodePath(".:smoke_color")
tracks/1/interp = 1
tracks/1/loop_wrap = true
tracks/1/keys = {
"times": PackedFloat32Array(0, 3),
"transitions": PackedFloat32Array(0.353553, 1),
"update": 0,
"values": [Color(1, 1, 1, 1), Color(0, 0, 0, 1)]
}
tracks/2/type = "value"
tracks/2/imported = false
tracks/2/enabled = true
tracks/2/path = NodePath(".:smoke_velocity")
tracks/2/interp = 1
tracks/2/loop_wrap = true
tracks/2/keys = {
"times": PackedFloat32Array(0, 3),
"transitions": PackedFloat32Array(0.143587, 1),
"update": 0,
"values": [5.0, 0.0]
}
tracks/3/type = "value"
tracks/3/imported = false
tracks/3/enabled = true
tracks/3/path = NodePath("Smoke:emitting")
tracks/3/interp = 1
tracks/3/loop_wrap = true
tracks/3/keys = {
"times": PackedFloat32Array(0, 3),
"transitions": PackedFloat32Array(1, 1),
"update": 1,
"values": [true, false]
}
tracks/4/type = "method"
tracks/4/imported = false
tracks/4/enabled = true
tracks/4/path = NodePath(".")
tracks/4/interp = 1
tracks/4/loop_wrap = true
tracks/4/keys = {
"times": PackedFloat32Array(3),
"transitions": PackedFloat32Array(1),
"values": [{
"args": [],
"method": &"queue_free"
}]
}

[sub_resource type="Animation" id="2"]
length = 0.001

[sub_resource type="Animation" id="3"]
length = 0.001
tracks/0/type = "value"
tracks/0/imported = false
tracks/0/enabled = true
tracks/0/path = NodePath("OmniLight3D:light_color")
tracks/0/interp = 1
tracks/0/loop_wrap = true
tracks/0/keys = {
"times": PackedFloat32Array(0),
"transitions": PackedFloat32Array(1),
"update": 0,
"values": [Color(1, 1, 1, 1)]
}
tracks/1/type = "value"
tracks/1/imported = false
tracks/1/enabled = true
tracks/1/path = NodePath(".:smoke_color")
tracks/1/interp = 1
tracks/1/loop_wrap = true
tracks/1/keys = {
"times": PackedFloat32Array(0),
"transitions": PackedFloat32Array(1),
"update": 0,
"values": [Color(1, 1, 1, 1)]
}
tracks/2/type = "value"
tracks/2/imported = false
tracks/2/enabled = true
tracks/2/path = NodePath(".:smoke_velocity")
tracks/2/interp = 1
tracks/2/loop_wrap = true
tracks/2/keys = {
"times": PackedFloat32Array(0),
"transitions": PackedFloat32Array(1),
"update": 0,
"values": [2.0]
}
tracks/3/type = "value"
tracks/3/imported = false
tracks/3/enabled = true
tracks/3/path = NodePath("Smoke:emitting")
tracks/3/interp = 1
tracks/3/loop_wrap = true
tracks/3/keys = {
"times": PackedFloat32Array(0),
"transitions": PackedFloat32Array(1),
"update": 0,
"values": [true]
}

[sub_resource type="Gradient" id="Gradient_jrhpo"]
interpolation_mode = 2
offsets = PackedFloat32Array(0, 0.0422535, 0.122066, 0.211268, 0.319249, 1)
colors = PackedColorArray(0, 0, 0, 1, 3, 2.4, 0.4, 1, 1.78272, 1.24586, 0.237743, 1, 1.38889, 0.872464, 0.185248, 1, 1, 0.503748, 0.133411, 1, 0, 0, 0, 1)

[sub_resource type="GradientTexture1D" id="GradientTexture1D_lue3h"]
gradient = SubResource( "Gradient_jrhpo" )
use_hdr = true

[sub_resource type="Curve" id="Curve_dhha2"]
_data = [Vector2(0, 0.154545), 0.0, 5.74743, 0, 0, Vector2(0.173729, 0.872727), 1.49824, 1.49824, 0, 0, Vector2(1, 0), 0.0, 0.0, 0, 0]

[sub_resource type="CurveTexture" id="CurveTexture_n25a7"]
curve = SubResource( "Curve_dhha2" )

[sub_resource type="ParticlesMaterial" id="ParticlesMaterial_fglo4"]
lifetime_randomness = 0.25
direction = Vector3(0, 0, -1)
spread = 5.0
gravity = Vector3(0, 0, 0)
initial_velocity_min = 5.0
initial_velocity_max = 25.0
angular_velocity_min = -5.0
angular_velocity_max = 5.0
damping_min = 18.58
damping_max = 18.67
angle_min = -180.0
angle_max = 180.0
scale_max = 1.5
scale_curve = SubResource( "CurveTexture_n25a7" )
color_ramp = SubResource( "GradientTexture1D_lue3h" )
anim_offset_max = 4.0
collision_enabled = true
collision_friction = 1.0
collision_use_scale = true

[sub_resource type="StandardMaterial3D" id="StandardMaterial3D_gjqv3"]
blend_mode = 1
shading_mode = 0
vertex_color_use_as_albedo = true
albedo_texture = ExtResource( "2_1simy" )
billboard_mode = 3
particles_anim_h_frames = 2
particles_anim_v_frames = 2
particles_anim_loop = false

[sub_resource type="QuadMesh" id="QuadMesh_o6i5g"]
material = SubResource( "StandardMaterial3D_gjqv3" )
size = Vector2(0.3, 0.3)

[sub_resource type="Gradient" id="Gradient_amyd5"]
interpolation_mode = 2
offsets = PackedFloat32Array(0, 0.0765697, 1)
colors = PackedColorArray(0, 0, 0, 1, 0.269531, 0.269531, 0.269531, 1, 0, 0, 0, 1)

[sub_resource type="GradientTexture1D" id="GradientTexture1D_2v757"]
gradient = SubResource( "Gradient_amyd5" )
use_hdr = true

[sub_resource type="Curve" id="Curve_e2tjm"]
_data = [Vector2(0, 0), 0.0, 1.44849, 0, 0, Vector2(0.560669, 0.709091), 1.24892, 1.24892, 0, 0, Vector2(1, 1), 0.0, 0.0, 0, 0]

[sub_resource type="CurveTexture" id="CurveTexture_m7hhh"]
curve = SubResource( "Curve_e2tjm" )

[sub_resource type="ParticlesMaterial" id="ParticlesMaterial_xl04f"]
lifetime_randomness = 0.6
emission_shape = 1
emission_sphere_radius = 0.01
direction = Vector3(0, 1, 0)
spread = 10.0
gravity = Vector3(0, 1, 0)
initial_velocity_min = 1.0
initial_velocity_max = 2.0
angular_velocity_min = -5.0
angular_velocity_max = 5.0
damping_min = 3.0
damping_max = 5.0
angle_min = -180.0
angle_max = 180.0
scale_max = 1.2
scale_curve = SubResource( "CurveTexture_m7hhh" )
color_ramp = SubResource( "GradientTexture1D_2v757" )
hue_variation_min = -0.01
hue_variation_max = 0.01
anim_offset_max = 4.0
collision_enabled = true
collision_friction = 1.0
collision_use_scale = true

[sub_resource type="StandardMaterial3D" id="StandardMaterial3D_h2ph0"]
blend_mode = 1
shading_mode = 0
vertex_color_use_as_albedo = true
albedo_color = Color(0.247059, 0.278431, 0.321569, 1)
albedo_texture = ExtResource( "2_1simy" )
disable_receive_shadows = true
billboard_mode = 3
particles_anim_h_frames = 2
particles_anim_v_frames = 2
particles_anim_loop = false
proximity_fade_distance = 0.25

[sub_resource type="QuadMesh" id="QuadMesh_f13tu"]
material = SubResource( "StandardMaterial3D_h2ph0" )

[node name="Flash" type="Node3D"]
script = ExtResource( "1_ob70b" )
smoke_color = Color(1, 1, 1, 1)
smoke_velocity = 2.0

[node name="AnimationPlayer" type="AnimationPlayer" parent="."]
autoplay = "Off"
anims/Flash = SubResource( "1" )
anims/Off = SubResource( "2" )
anims/RESET = SubResource( "3" )

[node name="GPUParticles3D" type="GPUParticles3D" parent="."]
transform = Transform3D(1, 0, 0, 0, 0, -1, 0, 1, 0, 0, 0, 0)
emitting = false
lifetime = 0.25
one_shot = true
speed_scale = 2.0
explosiveness = 1.0
fixed_fps = 0
interpolate = false
process_material = SubResource( "ParticlesMaterial_fglo4" )
draw_pass_1 = SubResource( "QuadMesh_o6i5g" )

[node name="Timer" type="Timer" parent="."]
wait_time = 0.5

[node name="OmniLight3D" type="OmniLight3D" parent="."]
transform = Transform3D(1, 0, 0, 0, 1, 0, 0, 0, 1, 0, 0.160545, 0)
light_energy = 5.0
light_bake_mode = 0
shadow_enabled = true
omni_range = 100.0
omni_attenuation = 4.0

[node name="Smoke" type="GPUParticles3D" parent="."]
transform = Transform3D(1, 0, 0, 0, 1, 0, 0, 0, 1, -0.0336943, 0, 0)
layers = 2
amount = 3
lifetime = 2.0
explosiveness = 1.0
fixed_fps = 0
interpolate = false
fract_delta = false
local_coords = false
trail_length_secs = 0.72
process_material = SubResource( "ParticlesMaterial_xl04f" )
draw_pass_1 = SubResource( "QuadMesh_f13tu" )

[connection signal="timeout" from="Timer" to="." method="_on_Timer_timeout"]
